%% This BibTeX bibliography file was created using BibDesk.
%% http://bibdesk.sourceforge.net/


%% Created for Alexander at 2011-03-16 16:38:00 -0300 


%% Saved with string encoding Unicode (UTF-8) 



@article{mercier2007,
	Author = {Anne Mercier and Fran{\c c}ois Soumis},
	Date-Added = {2011-03-16 16:32:41 -0300},
	Date-Modified = {2011-03-16 16:33:03 -0300},
	Journal = {Computers and Operations Research},
	Pages = {2251-2265},
	Title = {An integrated aircraft routing, crew scheduling and flight retiming model},
	Volume = {34},
	Year = {2007}}

@article{arguelo1007,
	Author = {Michael F. Arguello and Jonathan F. Bard},
	Date-Added = {2011-03-16 16:30:45 -0300},
	Date-Modified = {2011-03-16 16:37:58 -0300},
	Journal = {Journal of Combinatorial Optimization},
	Pages = {211-228},
	Title = {A GRASP for Aircraft Routing in Response to Groundings and Delays},
	Volume = {5},
	Year = {1997}}

@book{cite-key,
	Date-Added = {2011-03-16 16:30:28 -0300},
	Date-Modified = {2011-03-16 16:30:28 -0300}}

@book{abiliolivro,
	Address = {Rio de Janeiro},
	Author = {Abilio Lucena and Roberto Pontes},
	Date-Added = {2011-03-16 16:21:20 -0300},
	Date-Modified = {2011-03-16 16:21:56 -0300},
	Publisher = {e-papers},
	Title = {Avia{\c c}{\~a}o comercial controlada por m{\'a}quinas inteligentes},
	Year = {2007}}

@book{knuth:84,
	Author = {Donald E. Knuth},
	Edition = {15th},
	Publisher = {Addison-Wesley},
	Title = {The {\TeX} Book},
	Year = {1984}}

@incollection{boulic:91,
	Author = {R. Boulic and O. Renault},
	Booktitle = {New Trends in Animation and Visualization},
	Editor = {Nadia Magnenat-Thalmann and Daniel Thalmann},
	Publisher = {John Wiley {\&} Sons ltd.},
	Title = {3D Hierarchies for Animation},
	Year = {1991}}

@incollection{smith:99,
	Author = {A. Smith and B. Jones},
	Booktitle = {Advances in Computer Science},
	Editor = {A. B. Smith-Jones},
	Pages = {555--566},
	Publisher = {Publishing Press},
	Title = {On the Complexity of Computing},
	Year = {1999}}

@article{cordeau2001,
	Author = {Jean Fran{\c c}ois Cordeau and Goran Stojkovic and Fran{\c c}ois Soumis and Jacques Desrosiers},
	Date-Added = {2011-01-07 10:37:12 -0300},
	Date-Modified = {2011-01-07 10:39:27 -0300},
	Journal = {Transportation Transportation Science},
	Pages = {375-388},
	Title = {Benders Decomposition for Simultaneous Aircraft Routing and Crew Scheduling},
	Volume = {35},
	Year = {2001}}

@article{klabjan2002,
	Author = {Diego Klabjan and Ellis L. Johnson and George L. Nemhauser and Eric Gelman and Srini Ramaswamy},
	Date-Added = {2011-01-07 10:44:03 -0300},
	Date-Modified = {2011-01-07 10:45:23 -0300},
	Journal = {Transportation Science},
	Number = {3},
	Pages = {337-348},
	Title = {Airline Crew Scheduling with Time Windows and Plane-Count Constraints},
	Volume = {36},
	Year = {2002}}

@article{mainville2003,
	Author = {Amy Mainville Cohn and Cynthia Barnhart},
	Date-Added = {2011-01-07 10:48:18 -0300},
	Date-Modified = {2011-01-07 10:50:12 -0300},
	Journal = {Operations Research},
	Month = {May},
	Number = {3},
	Pages = {387-396},
	Title = {Improving crew schedulingby incorporating key maintenance routing decisions},
	Volume = {51},
	Year = {2003}}
