%% This BibTeX bibliography file was created using BibDesk.
%% http://bibdesk.sourceforge.net/


%% Created for Alexander at 2011-01-04 09:32:30 -0300 


%% Saved with string encoding Unicode (UTF-8) 



@article{trasportationproblem,
	Author = {Vaidyanathan, B. ;Ahuja, R. K. ;Orlin, J. B.  },
	Date-Added = {2011-01-04 09:27:38 -0300},
	Date-Modified = {2011-01-04 09:32:29 -0300},
	Journal = {Transportation Science},
	Month = {Nov},
	Number = {4},
	Pages = {492-507},
	Rating = {0},
	Read = {0},
	Title = {The Locomotive Routing Problem},
	Volume = {42},
	Year = {2008},
	Bdsk-File-1 = {YnBsaXN0MDDUAQIDBAUIJidUJHRvcFgkb2JqZWN0c1gkdmVyc2lvblkkYXJjaGl2ZXLRBgdUcm9vdIABqAkKFRYXGyIjVSRudWxs0wsMDQ4RFFpOUy5vYmplY3RzV05TLmtleXNWJGNsYXNzog8QgASABqISE4ACgAOAB1lhbGlhc0RhdGFccmVsYXRpdmVQYXRo0hgNGRpXTlMuZGF0YU8RAkAAAAAAAkAAAgAADE1hY2ludG9zaCBIRAAAAAAAAAAAAAAAAAAAAMbgQ6NIKwAAAb427R9UaGUgTG9jb21vdGl2ZSBSb3V0IzFCRTM2RjIucGRmAAAAAAAAAAAAAAAAAAAAAAAAAAAAAAAAAAAAAAAAAAABvjbyyUiX3AAAAAAAAAAAAAEAAgAACSAAAAAAAAAAAAAAAAAAAAAHYXJ0aWdvcwAAEAAIAADG4G3TAAAAEQAIAADJSMIMAAAAAQAYAb427QG90g8AK5zPAA62BAAOtfcAAJFBAAIAek1hY2ludG9zaCBIRDpVc2VyczphbGV4YW5kZXJkZWFsbWVpZGFwaW50bzpEb2N1bWVudHM6TWVzdHJhZG86UHJlLVByb3Bvc3RhIChGaW5hbCk6YXJ0aWdvczpUaGUgTG9jb21vdGl2ZSBSb3V0IzFCRTM2RjIucGRmAA4ARgAiAFQAaABlACAATABvAGMAbwBtAG8AdABpAHYAZQAgAFIAbwB1AHQAaQBuAGcAIABQAHIAbwBiAGwAZQBtAC4AcABkAGYADwAaAAwATQBhAGMAaQBuAHQAbwBzAGgAIABIAEQAEgBwVXNlcnMvYWxleGFuZGVyZGVhbG1laWRhcGludG8vRG9jdW1lbnRzL01lc3RyYWRvL1ByZS1Qcm9wb3N0YSAoRmluYWwpL2FydGlnb3MvVGhlIExvY29tb3RpdmUgUm91dGluZyBQcm9ibGVtLnBkZgATAAEvAAAVAAIAHv//AACABdIcHR4fWCRjbGFzc2VzWiRjbGFzc25hbWWjHyAhXU5TTXV0YWJsZURhdGFWTlNEYXRhWE5TT2JqZWN0XxAtLi4vYXJ0aWdvcy9UaGUgTG9jb21vdGl2ZSBSb3V0aW5nIFByb2JsZW0ucGRm0hwdJCWiJSFcTlNEaWN0aW9uYXJ5EgABhqBfEA9OU0tleWVkQXJjaGl2ZXIACAARABYAHwAoADIANQA6ADwARQBLAFIAXQBlAGwAbwBxAHMAdgB4AHoAfACGAJMAmACgAuQC5gLrAvQC/wMDAxEDGAMhA1EDVgNZA2YDawAAAAAAAAIBAAAAAAAAACgAAAAAAAAAAAAAAAAAAAN9}}
