% This file was created with JabRef 2.6.
% Encoding: UTF-8

@BOOK{ahmed2009,
  title = {Modeling Applications in the Airline Industry},
  publisher = {Ashgate Publishing Limited},
  year = {2009},
  author = {Ahmed Abdelghany and Khaled Abdelghany},
  address = {USA},
  date-added = {2011-06-20 14:56:32 -0300},
  date-modified = {2011-06-21 14:45:38 -0300}
}

@MASTERSTHESIS{maritan,
  author = {Tiago Maritan Ugulino de Ara{\'u}jo},
  title = {M{\'e}todos h{\'\i}bridos baseados em metaheur{\'\i}sticas aplicados
	{\`a} otimiza{\c c}{\~a}o global cont{\'\i}nua},
  school = {Universidade Federal da Para{\'\i}ba},
  year = {2008},
  month = {Julho},
  date-added = {2011-01-04 10:33:34 -0300},
  date-modified = {2011-01-04 10:35:06 -0300}
}

@MASTERSTHESIS{maritan2009,
  author = {Tiago Maritan Ugulino de Araújo},
  title = {M{\'e}todos h{\'\i}bridos baseados em continuous-GRASP aplicados
	{\`a} otimiza{\c c}{\~a}o global cont{\'\i}nua},
  school = {Universidade Federal da Para{\'\i}ba},
  year = {2009},
  date-added = {2011-06-20 15:14:02 -0300},
  date-modified = {2011-06-20 15:16:15 -0300}
}

@ARTICLE{arguelo1007,
  author = {MICHAEL F. ARGUELLO and JONATHAN F. BARD},
  title = {A GRASP for Aircraft Routing in Response to Groundings and Delays},
  journal = {Journal of Combinatorial Optimization},
  year = {1997},
  volume = {5},
  pages = {211-228},
  date-added = {2011-01-04 15:26:34 -0300},
  date-modified = {2011-01-05 10:00:50 -0300}
}

@ARTICLE{orlibrary,
  author = {J. E. Beasley},
  title = {OR-Library: distributing test problems by electronic mail},
  journal = {Journal of the Operational Research Society},
  year = {1990},
  volume = {41},
  pages = {1069-1072},
  number = {11},
  date-added = {2011-03-15 15:36:33 -0300},
  date-modified = {2011-03-15 15:40:11 -0300}
}

@ARTICLE{clarke97,
  author = {Lloyd Clarkea and Ellis Johnsona and George Nemhausera and Zhongxi
	Zhub},
  title = {The aircraft rotation problem},
  journal = {Operations Research},
  year = {1997},
  volume = {69},
  pages = {33-46},
  date-added = {2011-01-04 14:55:19 -0300},
  date-modified = {2011-01-04 15:30:15 -0300}
}

@ARTICLE{mainville2003,
  author = {Amy Mainville Cohn and Cynthia Barnhart},
  title = {Improving crew schedulingby incorporating key maintenance routing
	decisions},
  journal = {Operations Research},
  year = {2003},
  volume = {51},
  pages = {387-396},
  number = {3},
  month = {May},
  date-added = {2011-01-07 10:48:18 -0300},
  date-modified = {2011-01-07 10:50:12 -0300}
}

@ARTICLE{cordeau2001,
  author = {Jean Fran{\c c}ois Cordeau and Goran Stojkovic and Fran{\c c}ois
	Soumis and Jacques Desrosiers},
  title = {Benders Decomposition for Simultaneous Aircraft Routing and Crew
	Scheduling},
  journal = {Transportation Transportation Science},
  year = {2001},
  volume = {35},
  pages = {375-388},
  date-added = {2011-01-07 10:37:12 -0300},
  date-modified = {2011-01-07 10:39:27 -0300}
}

@MASTERSTHESIS{dias2006,
  author = {Tiago Dias},
  title = {Algoritmos heur{\'\i}sticos e metaheur{\'\i}sticasa h{\'\i}bridas
	aplicadas ao planejamento de uma rede de telecomunica{\c c}{\~o}es
	com topologia anel-estrela.},
  school = {Universidade Federal do Rio de Janeiro},
  year = {2006},
  date-added = {2011-06-20 15:33:26 -0300},
  date-modified = {2011-06-20 15:34:24 -0300}
}

@ARTICLE{resende1995,
  author = {T. A. FEO and M. G. C. RESENDE},
  title = {Greedy randomized adaptive search procedure},
  journal = {Journal of Global Optimization},
  year = {1995},
  volume = {6},
  pages = {109-133},
  number = {2},
  date-added = {2011-06-21 14:22:05 -0300},
  date-modified = {2011-06-21 14:46:13 -0300}
}

@ARTICLE{mohamed2011,
  author = {Mohamed Haouari and Hanif D. Sherali and Farah Zeghal Mansour and
	Najla Aissaoui},
  title = {Exact approaches for integrated aircraft fleeting and routing at
	TunisAir},
  journal = {Computacional Optimization and Applications},
  year = {2011}
}

@ARTICLE{klabjan2002,
  author = {Diego Klabjan and Ellis L. Johnson and George L. Nemhauser and Eric
	Gelman and Srini Ramaswamy},
  title = {Airline Crew Scheduling with Time Windows and Plane-Count Constraints},
  journal = {Transportation Science},
  year = {2002},
  volume = {36},
  pages = {337-348},
  number = {3},
  date-added = {2011-01-07 10:44:03 -0300},
  date-modified = {2011-01-07 10:45:23 -0300}
}

@BOOK{abiliolivro,
  title = {Avia{\c c}{\~a}o comercial controlada por m{\'a}quinas inteligentes},
  publisher = {e-papers},
  year = {2007},
  author = {Abilio Lucena and Roberto Pontes},
  address = {Rio de Janeiro},
  date-added = {2011-01-04 11:35:42 -0300},
  date-modified = {2011-01-04 14:33:39 -0300}
}

@ARTICLE{mercier2007,
  author = {Anne Mercier and Fran{\c c}ois Soumis},
  title = {An integrated aircraft routing, crew scheduling and flight retiming
	model},
  journal = {Computers and Operations Research},
  year = {2007},
  volume = {34},
  pages = {2251-2265},
  date-added = {2011-01-07 10:27:57 -0300},
  date-modified = {2011-01-07 10:52:44 -0300}
}

@MASTERSTHESIS{pimentel2005,
  author = {A. G. Pimentel},
  title = {Uma abordagem heurística para a solução de problemas de recobrimento
	de conjuntos de grande porte, com aplicação à alocação de tripulações
	para companhias aéreas},
  school = {Universidade Federal do Rio de Janeiro},
  year = {2005}
}

@TECHREPORT{pontes2002,
  author = {Roberto Pontes and Abilio Lucena and Lucidio Cabral},
  title = {Exact and Heuristic Techniques for Solving the Aircraft Rotation
	Problem},
  institution = {Universidade Federal do Rio de Janeiro},
  year = {2002},
  owner = {alexander},
  timestamp = {2011.06.30}
}

@ARTICLE{prais2000,
  author = {M. Prais and C.C. Ribeiro},
  title = {Variação de Parâmetros em Procedimentos GRASP},
  journal = {Investigación Operativa},
  year = {2000}
}

@TECHREPORT{notasmarcone,
  author = {Marcone Jamilson Freitas Souza},
  title = {Intelig{\^e}ncia Computacional para Otimiza{\c c}{\~a}o},
  institution = {Universidade Federal de Ouro Preto},
  year = {2009},
  date-added = {2011-01-04 13:34:22 -0300},
  date-modified = {2011-01-04 13:35:39 -0300}
}

@ARTICLE{trasportationproblem,
  author = {Vaidyanathan, B. and Ahuja, R. K. and Orlin, J. B.},
  title = {The Locomotive Routing Problem},
  journal = {Transportation Science},
  year = {2008},
  volume = {42},
  pages = {492-507},
  number = {4},
  month = {Nov},
  bdsk-file-1 = {YnBsaXN0MDDUAQIDBAUIJidUJHRvcFgkb2JqZWN0c1gkdmVyc2lvblkkYXJjaGl2ZXLRBgdUcm9vdIABqAkKFRYXGyIjVSRudWxs0wsMDQ4RFFpOUy5vYmplY3RzV05TLmtleXNWJGNsYXNzog8QgASABqISE4ACgAOAB1lhbGlhc0RhdGFccmVsYXRpdmVQYXRo0hgNGRpXTlMuZGF0YU8RAjQAAAAAAjQAAgAADE1hY2ludG9zaCBIRAAAAAAAAAAAAAAAAAAAAMbgQ6NIKwAAAKC1RR9UaGUgTG9jb21vdGl2ZSBSb3V0IzIxMDYxMkYucGRmAAAAAAAAAAAAAAAAAAAAAAAAAAAAAAAAAAAAAAAAAAACEGEvyRUf3gAAAAAAAAAAAAEAAgAACSAAAAAAAAAAAAAAAAAAAAAHYXJ0aWdvcwAAEAAIAADG4G3TAAAAEQAIAADJFUoOAAAAAQAcAKC1RQCgkIQAoJBxACuczwAOtgQADrX3AACRQQACAHFNYWNpbnRvc2ggSEQ6VXNlcnM6YWxleGFuZGVyZGVhbG1laWRhcGludG86RG9jdW1lbnRzOk1lc3RyYWRvOlByb2pldG86c3ZuOmFydGlnb3M6VGhlIExvY29tb3RpdmUgUm91dCMyMTA2MTJGLnBkZgAADgBGACIAVABoAGUAIABMAG8AYwBvAG0AbwB0AGkAdgBlACAAUgBvAHUAdABpAG4AZwAgAFAAcgBvAGIAbABlAG0ALgBwAGQAZgAPABoADABNAGEAYwBpAG4AdABvAHMAaAAgAEgARAASAGdVc2Vycy9hbGV4YW5kZXJkZWFsbWVpZGFwaW50by9Eb2N1bWVudHMvTWVzdHJhZG8vUHJvamV0by9zdm4vYXJ0aWdvcy9UaGUgTG9jb21vdGl2ZSBSb3V0aW5nIFByb2JsZW0ucGRmAAATAAEvAAAVAAIAHv//AACABdIcHR4fWCRjbGFzc2VzWiRjbGFzc25hbWWjHyAhXU5TTXV0YWJsZURhdGFWTlNEYXRhWE5TT2JqZWN0XxAtLi4vYXJ0aWdvcy9UaGUgTG9jb21vdGl2ZSBSb3V0aW5nIFByb2JsZW0ucGRm0hwdJCWiJSFcTlNEaWN0aW9uYXJ5EgABhqBfEA9OU0tleWVkQXJjaGl2ZXIACAARABYAHwAoADIANQA6ADwARQBLAFIAXQBlAGwAbwBxAHMAdgB4AHoAfACGAJMAmACgAtgC2gLfAugC8wL3AwUDDAMVA0UDSgNNA1oDXwAAAAAAAAIBAAAAAAAAACgAAAAAAAAAAAAAAAAAAANx},
  date-added = {2011-01-04 09:27:38 -0300},
  date-modified = {2011-01-04 09:49:04 -0300},
  rating = {0},
  read = {0}
}

